<?xml version="1.0" encoding="UTF-8"?><collection xmlns="http://www.loc.gov/MARC21/slim"><record><leader>00593nam--2200181-u-4500</leader><controlfield tag="001">000053126</controlfield><controlfield tag="002">20161230</controlfield><controlfield tag="005">20161230201051</controlfield><controlfield tag="008">110106s1000------------r-----000-0-eng-d</controlfield><datafield ind1=" " ind2=" " tag="020"><subfield code="a">9810249438</subfield></datafield><datafield ind1=" " ind2=" " tag="040"><subfield code="a">IFIN-HH</subfield></datafield><datafield ind1="1" ind2=" " tag="100"><subfield code="a">Carrigan, Jr., R.A</subfield></datafield><datafield ind1="1" ind2="0" tag="245"><subfield code="a">Non-accelerator astroparticle physics</subfield><subfield code="b">Proceedings of the sixth school, ictp, trieste, italy, 9-20 july 2001</subfield><subfield code="c">R.A. CARRIGAN, JR.; G. GIACOMELLI; A. MASIERO; N. PAVER (Eds.)</subfield></datafield><datafield ind1=" " ind2=" " tag="260"><subfield code="a">New Jersey</subfield><subfield code="b">World Scientific</subfield><subfield code="c">2002</subfield></datafield><datafield ind1=" " ind2=" " tag="300"><subfield code="a">359P</subfield></datafield><datafield ind1="1" ind2=" " tag="700"><subfield code="a">Paver, N</subfield><subfield code="e">Ed</subfield></datafield><datafield ind1=" " ind2=" " tag="852"><subfield code="a">81341</subfield><subfield code="c">539.12</subfield></datafield><datafield ind1=" " ind2=" " tag="CAT"><subfield code="a">Sys</subfield><subfield code="c">20110314</subfield><subfield code="h">152820</subfield></datafield></record></collection>